%YAML 1.1
%TAG !u! tag:unity3d.com,2011:
--- !u!29 &1
OcclusionCullingSettings:
  m_ObjectHideFlags: 0
  serializedVersion: 2
  m_OcclusionBakeSettings:
    smallestOccluder: 5
    smallestHole: 0.25
    backfaceThreshold: 100
  m_SceneGUID: 00000000000000000000000000000000
  m_OcclusionCullingData: {fileID: 0}
--- !u!104 &2
RenderSettings:
  m_ObjectHideFlags: 0
  serializedVersion: 9
  m_Fog: 0
  m_FogColor: {r: 0.5, g: 0.5, b: 0.5, a: 1}
  m_FogMode: 3
  m_FogDensity: 0.01
  m_LinearFogStart: 0
  m_LinearFogEnd: 300
  m_AmbientSkyColor: {r: 0.212, g: 0.227, b: 0.259, a: 1}
  m_AmbientEquatorColor: {r: 0.114, g: 0.125, b: 0.133, a: 1}
  m_AmbientGroundColor: {r: 0.047, g: 0.043, b: 0.035, a: 1}
  m_AmbientIntensity: 1
  m_AmbientMode: 0
  m_SubtractiveShadowColor: {r: 0.42, g: 0.478, b: 0.627, a: 1}
  m_SkyboxMaterial: {fileID: 2100000, guid: 95e3e524f570e154dbf4eaa835126a30, type: 2}
  m_HaloStrength: 0.5
  m_FlareStrength: 1
  m_FlareFadeSpeed: 3
  m_HaloTexture: {fileID: 0}
  m_SpotCookie: {fileID: 10001, guid: 0000000000000000e000000000000000, type: 0}
  m_DefaultReflectionMode: 0
  m_DefaultReflectionResolution: 128
  m_ReflectionBounces: 1
  m_ReflectionIntensity: 1
  m_CustomReflection: {fileID: 0}
  m_Sun: {fileID: 0}
  m_IndirectSpecularColor: {r: 0.3929893, g: 0.8576656, b: 0.99999946, a: 1}
  m_UseRadianceAmbientProbe: 0
--- !u!157 &3
LightmapSettings:
  m_ObjectHideFlags: 0
  serializedVersion: 12
  m_GIWorkflowMode: 1
  m_GISettings:
    serializedVersion: 2
    m_BounceScale: 1
    m_IndirectOutputScale: 1
    m_AlbedoBoost: 1
    m_EnvironmentLightingMode: 0
    m_EnableBakedLightmaps: 1
    m_EnableRealtimeLightmaps: 0
  m_LightmapEditorSettings:
    serializedVersion: 12
    m_Resolution: 2
    m_BakeResolution: 40
    m_AtlasSize: 1024
    m_AO: 0
    m_AOMaxDistance: 1
    m_CompAOExponent: 1
    m_CompAOExponentDirect: 0
    m_ExtractAmbientOcclusion: 0
    m_Padding: 2
    m_LightmapParameters: {fileID: 0}
    m_LightmapsBakeMode: 1
    m_TextureCompression: 1
    m_FinalGather: 0
    m_FinalGatherFiltering: 1
    m_FinalGatherRayCount: 256
    m_ReflectionCompression: 2
    m_MixedBakeMode: 2
    m_BakeBackend: 1
    m_PVRSampling: 1
    m_PVRDirectSampleCount: 32
    m_PVRSampleCount: 512
    m_PVRBounces: 2
    m_PVREnvironmentSampleCount: 256
    m_PVREnvironmentReferencePointCount: 2048
    m_PVRFilteringMode: 1
    m_PVRDenoiserTypeDirect: 1
    m_PVRDenoiserTypeIndirect: 1
    m_PVRDenoiserTypeAO: 1
    m_PVRFilterTypeDirect: 0
    m_PVRFilterTypeIndirect: 0
    m_PVRFilterTypeAO: 0
    m_PVREnvironmentMIS: 1
    m_PVRCulling: 1
    m_PVRFilteringGaussRadiusDirect: 1
    m_PVRFilteringGaussRadiusIndirect: 5
    m_PVRFilteringGaussRadiusAO: 2
    m_PVRFilteringAtrousPositionSigmaDirect: 0.5
    m_PVRFilteringAtrousPositionSigmaIndirect: 2
    m_PVRFilteringAtrousPositionSigmaAO: 1
    m_ExportTrainingData: 0
    m_TrainingDataDestination: TrainingData
    m_LightProbeSampleCountMultiplier: 4
  m_LightingDataAsset: {fileID: 112000000, guid: 20399e3af8509448f97fd6db32bc3cb7, type: 2}
  m_LightingSettings: {fileID: 4890085278179872738, guid: a98b2ec6940a14666b25e8bed374e161, type: 2}
--- !u!196 &4
NavMeshSettings:
  serializedVersion: 2
  m_ObjectHideFlags: 0
  m_BuildSettings:
    serializedVersion: 2
    agentTypeID: 0
    agentRadius: 0.5
    agentHeight: 2
    agentSlope: 45
    agentClimb: 0.4
    ledgeDropHeight: 0
    maxJumpAcrossDistance: 0
    minRegionArea: 2
    manualCellSize: 0
    cellSize: 0.16666667
    manualTileSize: 0
    tileSize: 256
    accuratePlacement: 0
    maxJobWorkers: 0
    preserveTilesOutsideBounds: 0
    debug:
      m_Flags: 0
  m_NavMeshData: {fileID: 23800000, guid: 5336ae0a1c81447999dc649fc4d3c5ac, type: 2}
--- !u!1 &13836761
GameObject:
  m_ObjectHideFlags: 0
  m_CorrespondingSourceObject: {fileID: 0}
  m_PrefabInstance: {fileID: 0}
  m_PrefabAsset: {fileID: 0}
  serializedVersion: 6
  m_Component:
  - component: {fileID: 13836764}
  - component: {fileID: 13836763}
  - component: {fileID: 13836762}
  m_Layer: 0
  m_Name: EventSystem
  m_TagString: Untagged
  m_Icon: {fileID: 0}
  m_NavMeshLayer: 0
  m_StaticEditorFlags: 0
  m_IsActive: 1
--- !u!114 &13836762
MonoBehaviour:
  m_ObjectHideFlags: 0
  m_CorrespondingSourceObject: {fileID: 0}
  m_PrefabInstance: {fileID: 0}
  m_PrefabAsset: {fileID: 0}
  m_GameObject: {fileID: 13836761}
  m_Enabled: 1
  m_EditorHideFlags: 0
  m_Script: {fileID: 11500000, guid: 4f231c4fb786f3946a6b90b886c48677, type: 3}
  m_Name: 
  m_EditorClassIdentifier: 
  m_HorizontalAxis: Horizontal
  m_VerticalAxis: Vertical
  m_SubmitButton: Submit
  m_CancelButton: Cancel
  m_InputActionsPerSecond: 10
  m_RepeatDelay: 0.5
  m_ForceModuleActive: 0
--- !u!114 &13836763
MonoBehaviour:
  m_ObjectHideFlags: 0
  m_CorrespondingSourceObject: {fileID: 0}
  m_PrefabInstance: {fileID: 0}
  m_PrefabAsset: {fileID: 0}
  m_GameObject: {fileID: 13836761}
  m_Enabled: 1
  m_EditorHideFlags: 0
  m_Script: {fileID: 11500000, guid: 76c392e42b5098c458856cdf6ecaaaa1, type: 3}
  m_Name: 
  m_EditorClassIdentifier: 
  m_FirstSelected: {fileID: 0}
  m_sendNavigationEvents: 1
  m_DragThreshold: 10
--- !u!4 &13836764
Transform:
  m_ObjectHideFlags: 0
  m_CorrespondingSourceObject: {fileID: 0}
  m_PrefabInstance: {fileID: 0}
  m_PrefabAsset: {fileID: 0}
  m_GameObject: {fileID: 13836761}
  m_LocalRotation: {x: 0, y: 0, z: 0, w: 1}
  m_LocalPosition: {x: 0, y: 0, z: 0}
  m_LocalScale: {x: 1, y: 1, z: 1}
  m_Children: []
  m_Father: {fileID: 0}
  m_RootOrder: 8
  m_LocalEulerAnglesHint: {x: 0, y: 0, z: 0}
--- !u!1 &46015256
GameObject:
  m_ObjectHideFlags: 0
  m_CorrespondingSourceObject: {fileID: 0}
  m_PrefabInstance: {fileID: 0}
  m_PrefabAsset: {fileID: 0}
  serializedVersion: 6
  m_Component:
  - component: {fileID: 46015259}
  - component: {fileID: 46015258}
  - component: {fileID: 46015257}
  m_Layer: 0
  m_Name: Paint
  m_TagString: Untagged
  m_Icon: {fileID: 0}
  m_NavMeshLayer: 0
  m_StaticEditorFlags: 0
  m_IsActive: 0
--- !u!114 &46015257
MonoBehaviour:
  m_ObjectHideFlags: 0
  m_CorrespondingSourceObject: {fileID: 0}
  m_PrefabInstance: {fileID: 0}
  m_PrefabAsset: {fileID: 0}
  m_GameObject: {fileID: 46015256}
  m_Enabled: 1
  m_EditorHideFlags: 0
  m_Script: {fileID: 11500000, guid: 724ff6f732015ec4e8fecdb3d889fb82, type: 3}
  m_Name: 
  m_EditorClassIdentifier: 
  layers:
    serializedVersion: 2
    m_Bits: 4294967295
  group:
    index: 0
  targetModel: {fileID: 0}
  targetTexture: {fileID: 0}
  blendMode:
    Index: 0
    Color: {r: 1, g: 1, b: 1, a: 1}
    Texture: {fileID: 0}
    Kernel: 1
    Channels: {x: 1, y: 1, z: 1, w: 1}
  color: {r: 0.1981132, g: 0.1981132, b: 0.1981132, a: 0.38431373}
  opacity: 1
  angle: 0
  scale: {x: 1, y: 1, z: 1}
  radius: 0.1
  hardness: 5
  tileTexture: {fileID: 0}
  tileTransform: {fileID: 0}
  tileOpacity: 1
  tileTransition: 4
  modifiers:
    modifiers: []
    modifierDatas: []
  references:
    version: 1
--- !u!114 &46015258
MonoBehaviour:
  m_ObjectHideFlags: 0
  m_CorrespondingSourceObject: {fileID: 0}
  m_PrefabInstance: {fileID: 0}
  m_PrefabAsset: {fileID: 0}
  m_GameObject: {fileID: 46015256}
  m_Enabled: 1
  m_EditorHideFlags: 0
  m_Script: {fileID: 11500000, guid: e79b29143865f7c43ac098b70c6cffec, type: 3}
  m_Name: 
  m_EditorClassIdentifier: 
  _camera: {fileID: 0}
  layers:
    serializedVersion: 2
    m_Bits: 4294967291
  requiredButtons: -1
  requiredKey: 0
  guiLayers:
    serializedVersion: 2
    m_Bits: 32
  emit: 0
  rotateTo: 0
  normalDirection: 0
  normalRelativeTo: 1
  customTransform: {fileID: 0}
  offset: 0
  touchOffset: 0
  storeStates: 0
  showPreview: 1
  priority: 0
  frequency: 5
  interval: 3
  connector:
    hitSpacing: 0
    hitLimit: 30
    connectHits: 1
--- !u!4 &46015259
Transform:
  m_ObjectHideFlags: 0
  m_CorrespondingSourceObject: {fileID: 0}
  m_PrefabInstance: {fileID: 0}
  m_PrefabAsset: {fileID: 0}
  m_GameObject: {fileID: 46015256}
  m_LocalRotation: {x: -0, y: -0, z: -0, w: 1}
  m_LocalPosition: {x: 0.63, y: 0, z: 1.69}
  m_LocalScale: {x: 1, y: 1, z: 1}
  m_Children: []
  m_Father: {fileID: 0}
  m_RootOrder: 15
  m_LocalEulerAnglesHint: {x: 0, y: 0, z: 0}
--- !u!1 &106752460
GameObject:
  m_ObjectHideFlags: 0
  m_CorrespondingSourceObject: {fileID: 0}
  m_PrefabInstance: {fileID: 0}
  m_PrefabAsset: {fileID: 0}
  serializedVersion: 6
  m_Component:
  - component: {fileID: 106752461}
  m_Layer: 0
  m_Name: LeftHand
  m_TagString: Untagged
  m_Icon: {fileID: 7148428337604731935, guid: 0000000000000000d000000000000000, type: 0}
  m_NavMeshLayer: 0
  m_StaticEditorFlags: 0
  m_IsActive: 1
--- !u!4 &106752461
Transform:
  m_ObjectHideFlags: 0
  m_CorrespondingSourceObject: {fileID: 0}
  m_PrefabInstance: {fileID: 0}
  m_PrefabAsset: {fileID: 0}
  m_GameObject: {fileID: 106752460}
  m_LocalRotation: {x: -0.24999997, y: 0.25000006, z: 0.066987306, w: 0.9330127}
  m_LocalPosition: {x: -0.152, y: 1.575, z: 0.185}
  m_LocalScale: {x: 1, y: 1, z: 1}
  m_Children:
  - {fileID: 6709141899335179669}
  m_Father: {fileID: 543450652439624843}
  m_RootOrder: 0
  m_LocalEulerAnglesHint: {x: -30, y: 30, z: 0}
--- !u!1 &226937900
GameObject:
  m_ObjectHideFlags: 0
  m_CorrespondingSourceObject: {fileID: 0}
  m_PrefabInstance: {fileID: 0}
  m_PrefabAsset: {fileID: 0}
  serializedVersion: 6
  m_Component:
  - component: {fileID: 226937902}
  - component: {fileID: 226937901}
  m_Layer: 0
  m_Name: PathCreator
  m_TagString: Untagged
  m_Icon: {fileID: 0}
  m_NavMeshLayer: 0
  m_StaticEditorFlags: 0
  m_IsActive: 1
--- !u!114 &226937901
MonoBehaviour:
  m_ObjectHideFlags: 0
  m_CorrespondingSourceObject: {fileID: 0}
  m_PrefabInstance: {fileID: 0}
  m_PrefabAsset: {fileID: 0}
  m_GameObject: {fileID: 226937900}
  m_Enabled: 1
  m_EditorHideFlags: 0
  m_Script: {fileID: 11500000, guid: 8e5ac92bc18f545cc84cd886ece82b4d, type: 3}
  m_Name: 
  m_EditorClassIdentifier: 
  editorData:
    _bezierPath:
      points:
      - {x: 2.8357277, y: -0.07276559, z: 3.0374022}
      - {x: 2.416597, y: -0.09943116, z: 2.8799906}
      - {x: 0.6345567, y: -0.22554846, z: 0.80685544}
      - {x: 0.41182864, y: -0.20374751, z: 0.48694706}
      - {x: 0.25127602, y: -0.18803239, z: 0.2563424}
      - {x: 0.18998557, y: -0.17156547, z: -0.11990671}
      - {x: -0.5776361, y: -0.18154693, z: -0.07338953}
      - {x: -1.2326361, y: -0.19006395, z: -0.03369713}
      - {x: -1.9526186, y: -0.16752958, z: -0.024754524}
      - {x: -2.2629423, y: -0.17752802, z: 0}
      isClosed: 0
      space: 0
      controlMode: 0
      autoControlLength: 0.3
      boundsUpToDate: 0
      bounds:
        m_Center: {x: 0, y: 0, z: 0}
        m_Extent: {x: 0, y: 0, z: 0}
      perAnchorNormalsAngle:
      - 0
      - 0
      - 0
      - 0
      globalNormalsAngle: 90
      flipNormals: 0
    vertexPathUpToDate: 1
    vertexPathMaxAngleError: 0.3
    vertexPathMinVertexSpacing: 0.01
    showTransformTool: 1
    showPathBounds: 0
    showPerSegmentBounds: 0
    displayAnchorPoints: 1
    displayControlPoints: 1
    bezierHandleScale: 1
    globalDisplaySettingsFoldout: 0
    keepConstantHandleSize: 0
    showNormalsInVertexMode: 0
    showBezierPathInVertexMode: 0
    showDisplayOptions: 1
    showPathOptions: 1
    showVertexPathDisplayOptions: 0
    showVertexPathOptions: 1
    showNormals: 1
    showNormalsHelpInfo: 0
    tabIndex: 0
  initialized: 1
--- !u!4 &226937902
Transform:
  m_ObjectHideFlags: 0
  m_CorrespondingSourceObject: {fileID: 0}
  m_PrefabInstance: {fileID: 0}
  m_PrefabAsset: {fileID: 0}
  m_GameObject: {fileID: 226937900}
  m_LocalRotation: {x: 0, y: 0, z: 0, w: 1}
  m_LocalPosition: {x: -1.726, y: 1.05, z: -5.485}
  m_LocalScale: {x: 1, y: 1, z: 1}
  m_Children: []
  m_Father: {fileID: 0}
  m_RootOrder: 13
  m_LocalEulerAnglesHint: {x: 0, y: 0, z: 0}
--- !u!1 &235674755
GameObject:
  m_ObjectHideFlags: 0
  m_CorrespondingSourceObject: {fileID: 0}
  m_PrefabInstance: {fileID: 0}
  m_PrefabAsset: {fileID: 0}
  serializedVersion: 6
  m_Component:
  - component: {fileID: 235674757}
  - component: {fileID: 235674756}
  m_Layer: 0
  m_Name: TowelCon
  m_TagString: Untagged
  m_Icon: {fileID: 0}
  m_NavMeshLayer: 0
  m_StaticEditorFlags: 0
  m_IsActive: 1
--- !u!114 &235674756
MonoBehaviour:
  m_ObjectHideFlags: 0
  m_CorrespondingSourceObject: {fileID: 0}
  m_PrefabInstance: {fileID: 0}
  m_PrefabAsset: {fileID: 0}
  m_GameObject: {fileID: 235674755}
  m_Enabled: 1
  m_EditorHideFlags: 0
  m_Script: {fileID: 11500000, guid: 12c469e296e584fc38a869219963b59c, type: 3}
  m_Name: 
  m_EditorClassIdentifier: 
  delayTimer: 0
  holdTimer: 0
  isHolding: 0
  isResetSpeed: 0
  towelAnimator: {fileID: 242521332}
  isStop: 0
  isCircle: 1
  isPowerBarStart: 0
--- !u!4 &235674757
Transform:
  m_ObjectHideFlags: 0
  m_CorrespondingSourceObject: {fileID: 0}
  m_PrefabInstance: {fileID: 0}
  m_PrefabAsset: {fileID: 0}
  m_GameObject: {fileID: 235674755}
  m_LocalRotation: {x: 0, y: 0, z: 0, w: 1}
  m_LocalPosition: {x: 0, y: 0, z: 0}
  m_LocalScale: {x: 1, y: 1, z: 1}
  m_Children: []
  m_Father: {fileID: 0}
  m_RootOrder: 10
  m_LocalEulerAnglesHint: {x: 0, y: 0, z: 0}
--- !u!95 &242521332 stripped
Animator:
  m_CorrespondingSourceObject: {fileID: 2656986481576422341, guid: 345665c1daec841ddb052b75d27d86d7, type: 3}
  m_PrefabInstance: {fileID: 2656986481336532785}
  m_PrefabAsset: {fileID: 0}
--- !u!1 &243372731
GameObject:
  m_ObjectHideFlags: 0
  m_CorrespondingSourceObject: {fileID: 0}
  m_PrefabInstance: {fileID: 0}
  m_PrefabAsset: {fileID: 0}
  serializedVersion: 6
  m_Component:
  - component: {fileID: 243372733}
  - component: {fileID: 243372732}
  m_Layer: 0
  m_Name: GAnalyticsGM
  m_TagString: Untagged
  m_Icon: {fileID: 0}
  m_NavMeshLayer: 0
  m_StaticEditorFlags: 0
  m_IsActive: 1
--- !u!114 &243372732
MonoBehaviour:
  m_ObjectHideFlags: 0
  m_CorrespondingSourceObject: {fileID: 0}
  m_PrefabInstance: {fileID: 0}
  m_PrefabAsset: {fileID: 0}
  m_GameObject: {fileID: 243372731}
  m_Enabled: 1
  m_EditorHideFlags: 0
  m_Script: {fileID: 11500000, guid: f0adf786ec0bf42a6b4b673b817d05db, type: 3}
  m_Name: 
  m_EditorClassIdentifier: 
--- !u!4 &243372733
Transform:
  m_ObjectHideFlags: 0
  m_CorrespondingSourceObject: {fileID: 0}
  m_PrefabInstance: {fileID: 0}
  m_PrefabAsset: {fileID: 0}
  m_GameObject: {fileID: 243372731}
  m_LocalRotation: {x: 0, y: 0, z: 0, w: 1}
  m_LocalPosition: {x: -2.3223038, y: 1.1155045, z: -5.2552643}
  m_LocalScale: {x: 1, y: 1, z: 1}
  m_Children: []
  m_Father: {fileID: 0}
  m_RootOrder: 24
  m_LocalEulerAnglesHint: {x: 0, y: 0, z: 0}
--- !u!1 &273420553
GameObject:
  m_ObjectHideFlags: 0
  m_CorrespondingSourceObject: {fileID: 0}
  m_PrefabInstance: {fileID: 0}
  m_PrefabAsset: {fileID: 0}
  serializedVersion: 6
  m_Component:
  - component: {fileID: 273420555}
  - component: {fileID: 273420554}
  m_Layer: 0
  m_Name: FacebookAnalyticsManager
  m_TagString: Untagged
  m_Icon: {fileID: 0}
  m_NavMeshLayer: 0
  m_StaticEditorFlags: 0
  m_IsActive: 1
--- !u!114 &273420554
MonoBehaviour:
  m_ObjectHideFlags: 0
  m_CorrespondingSourceObject: {fileID: 0}
  m_PrefabInstance: {fileID: 0}
  m_PrefabAsset: {fileID: 0}
  m_GameObject: {fileID: 273420553}
  m_Enabled: 1
  m_EditorHideFlags: 0
  m_Script: {fileID: 11500000, guid: e5b9b447a919607419ff4cb93f6d9da6, type: 3}
  m_Name: 
  m_EditorClassIdentifier: 
--- !u!4 &273420555
Transform:
  m_ObjectHideFlags: 0
  m_CorrespondingSourceObject: {fileID: 0}
  m_PrefabInstance: {fileID: 0}
  m_PrefabAsset: {fileID: 0}
  m_GameObject: {fileID: 273420553}
  m_LocalRotation: {x: 0, y: 0, z: 0, w: 1}
  m_LocalPosition: {x: -2.3223038, y: 1.1155045, z: -5.2552643}
  m_LocalScale: {x: 1, y: 1, z: 1}
  m_Children: []
  m_Father: {fileID: 0}
  m_RootOrder: 22
  m_LocalEulerAnglesHint: {x: 0, y: 0, z: 0}
--- !u!1 &288444592 stripped
GameObject:
  m_CorrespondingSourceObject: {fileID: 2590695358236710454, guid: 0cb91c4c7439a4da09ec1c31cd90dca7, type: 3}
  m_PrefabInstance: {fileID: 2590695358518691462}
  m_PrefabAsset: {fileID: 0}
--- !u!1 &403591681
GameObject:
  m_ObjectHideFlags: 0
  m_CorrespondingSourceObject: {fileID: 0}
  m_PrefabInstance: {fileID: 0}
  m_PrefabAsset: {fileID: 0}
  serializedVersion: 6
  m_Component:
  - component: {fileID: 403591683}
  - component: {fileID: 403591682}
  m_Layer: 0
  m_Name: Directional Light
  m_TagString: Untagged
  m_Icon: {fileID: 0}
  m_NavMeshLayer: 0
  m_StaticEditorFlags: 0
  m_IsActive: 1
--- !u!108 &403591682
Light:
  m_ObjectHideFlags: 0
  m_CorrespondingSourceObject: {fileID: 0}
  m_PrefabInstance: {fileID: 0}
  m_PrefabAsset: {fileID: 0}
  m_GameObject: {fileID: 403591681}
  m_Enabled: 1
  serializedVersion: 10
  m_Type: 1
  m_Shape: 0
  m_Color: {r: 1, g: 1, b: 1, a: 1}
  m_Intensity: 1
  m_Range: 10
  m_SpotAngle: 30
  m_InnerSpotAngle: 21.80208
  m_CookieSize: 10
  m_Shadows:
    m_Type: 2
    m_Resolution: -1
    m_CustomResolution: -1
    m_Strength: 0.23
    m_Bias: 0
    m_NormalBias: 0
    m_NearPlane: 0.1
    m_CullingMatrixOverride:
      e00: 1
      e01: 0
      e02: 0
      e03: 0
      e10: 0
      e11: 1
      e12: 0
      e13: 0
      e20: 0
      e21: 0
      e22: 1
      e23: 0
      e30: 0
      e31: 0
      e32: 0
      e33: 1
    m_UseCullingMatrixOverride: 0
  m_Cookie: {fileID: 0}
  m_DrawHalo: 0
  m_Flare: {fileID: 0}
  m_RenderMode: 0
  m_CullingMask:
    serializedVersion: 2
    m_Bits: 2147483647
  m_RenderingLayerMask: 1
  m_Lightmapping: 4
  m_LightShadowCasterMode: 0
  m_AreaSize: {x: 1, y: 1}
  m_BounceIntensity: 20.48
  m_ColorTemperature: 6570
  m_UseColorTemperature: 0
  m_BoundingSphereOverride: {x: 0, y: 0, z: 0, w: 0}
  m_UseBoundingSphereOverride: 0
  m_UseViewFrustumForShadowCasterCull: 1
  m_ShadowRadius: 0
  m_ShadowAngle: 0
--- !u!4 &403591683
Transform:
  m_ObjectHideFlags: 0
  m_CorrespondingSourceObject: {fileID: 0}
  m_PrefabInstance: {fileID: 0}
  m_PrefabAsset: {fileID: 0}
  m_GameObject: {fileID: 403591681}
  m_LocalRotation: {x: 0.38671848, y: -0.18352905, z: 0.19042069, w: 0.8834625}
  m_LocalPosition: {x: 0, y: 3, z: 0}
  m_LocalScale: {x: 1, y: 1, z: 1}
  m_Children: []
  m_Father: {fileID: 0}
  m_RootOrder: 2
  m_LocalEulerAnglesHint: {x: 48.868004, y: -15.610001, z: 17.2}
--- !u!1 &435056958
GameObject:
  m_ObjectHideFlags: 0
  m_CorrespondingSourceObject: {fileID: 0}
  m_PrefabInstance: {fileID: 0}
  m_PrefabAsset: {fileID: 0}
  serializedVersion: 6
  m_Component:
  - component: {fileID: 435056959}
  m_Layer: 0
  m_Name: RightHand
  m_TagString: Untagged
  m_Icon: {fileID: 7148428337604731935, guid: 0000000000000000d000000000000000, type: 0}
  m_NavMeshLayer: 0
  m_StaticEditorFlags: 0
  m_IsActive: 1
--- !u!4 &435056959
Transform:
  m_ObjectHideFlags: 0
  m_CorrespondingSourceObject: {fileID: 0}
  m_PrefabInstance: {fileID: 0}
  m_PrefabAsset: {fileID: 0}
  m_GameObject: {fileID: 435056958}
  m_LocalRotation: {x: -0.252684, y: -0.20906451, z: -0.056018658, w: 0.9430296}
  m_LocalPosition: {x: 0.224, y: 1.576, z: 0.174}
  m_LocalScale: {x: 1, y: 1, z: 1}
  m_Children:
  - {fileID: 6790153031438422673}
  m_Father: {fileID: 543450652439624843}
  m_RootOrder: 1
  m_LocalEulerAnglesHint: {x: -30, y: -25, z: 0}
--- !u!1001 &718977211
PrefabInstance:
  m_ObjectHideFlags: 0
  serializedVersion: 2
  m_Modification:
    m_TransformParent: {fileID: 0}
    m_Modifications:
    - target: {fileID: 4221667318119443160, guid: 5a6fea48ef2e6e642b9257b066723c4c, type: 3}
      propertyPath: m_RootOrder
      value: 20
      objectReference: {fileID: 0}
    - target: {fileID: 4221667318119443160, guid: 5a6fea48ef2e6e642b9257b066723c4c, type: 3}
      propertyPath: m_LocalPosition.x
      value: -7.05
      objectReference: {fileID: 0}
    - target: {fileID: 4221667318119443160, guid: 5a6fea48ef2e6e642b9257b066723c4c, type: 3}
      propertyPath: m_LocalPosition.y
      value: 1.24
      objectReference: {fileID: 0}
    - target: {fileID: 4221667318119443160, guid: 5a6fea48ef2e6e642b9257b066723c4c, type: 3}
      propertyPath: m_LocalPosition.z
      value: -8.56
      objectReference: {fileID: 0}
    - target: {fileID: 4221667318119443160, guid: 5a6fea48ef2e6e642b9257b066723c4c, type: 3}
      propertyPath: m_LocalRotation.w
      value: 1
      objectReference: {fileID: 0}
    - target: {fileID: 4221667318119443160, guid: 5a6fea48ef2e6e642b9257b066723c4c, type: 3}
      propertyPath: m_LocalRotation.x
      value: -0
      objectReference: {fileID: 0}
    - target: {fileID: 4221667318119443160, guid: 5a6fea48ef2e6e642b9257b066723c4c, type: 3}
      propertyPath: m_LocalRotation.y
      value: -0
      objectReference: {fileID: 0}
    - target: {fileID: 4221667318119443160, guid: 5a6fea48ef2e6e642b9257b066723c4c, type: 3}
      propertyPath: m_LocalRotation.z
      value: -0
      objectReference: {fileID: 0}
    - target: {fileID: 4221667318119443160, guid: 5a6fea48ef2e6e642b9257b066723c4c, type: 3}
      propertyPath: m_LocalEulerAnglesHint.x
      value: 0
      objectReference: {fileID: 0}
    - target: {fileID: 4221667318119443160, guid: 5a6fea48ef2e6e642b9257b066723c4c, type: 3}
      propertyPath: m_LocalEulerAnglesHint.y
      value: 0
      objectReference: {fileID: 0}
    - target: {fileID: 4221667318119443160, guid: 5a6fea48ef2e6e642b9257b066723c4c, type: 3}
      propertyPath: m_LocalEulerAnglesHint.z
      value: 0
      objectReference: {fileID: 0}
    - target: {fileID: 6844166337135250567, guid: 5a6fea48ef2e6e642b9257b066723c4c, type: 3}
      propertyPath: m_Materials.Array.size
      value: 1
      objectReference: {fileID: 0}
    - target: {fileID: 6844166337137017773, guid: 5a6fea48ef2e6e642b9257b066723c4c, type: 3}
      propertyPath: playOnAwake
      value: 0
      objectReference: {fileID: 0}
    - target: {fileID: 6844166338773969081, guid: 5a6fea48ef2e6e642b9257b066723c4c, type: 3}
      propertyPath: m_Name
      value: Confettis
      objectReference: {fileID: 0}
    - target: {fileID: 6844166338829057080, guid: 5a6fea48ef2e6e642b9257b066723c4c, type: 3}
      propertyPath: m_Materials.Array.size
      value: 1
      objectReference: {fileID: 0}
    - target: {fileID: 6844166338829057083, guid: 5a6fea48ef2e6e642b9257b066723c4c, type: 3}
      propertyPath: playOnAwake
      value: 0
      objectReference: {fileID: 0}
    m_RemovedComponents: []
  m_SourcePrefab: {fileID: 100100000, guid: 5a6fea48ef2e6e642b9257b066723c4c, type: 3}
--- !u!198 &718977212 stripped
ParticleSystem:
  m_CorrespondingSourceObject: {fileID: 6844166338829057083, guid: 5a6fea48ef2e6e642b9257b066723c4c, type: 3}
  m_PrefabInstance: {fileID: 718977211}
  m_PrefabAsset: {fileID: 0}
--- !u!198 &718977213 stripped
ParticleSystem:
  m_CorrespondingSourceObject: {fileID: 6844166337137017773, guid: 5a6fea48ef2e6e642b9257b066723c4c, type: 3}
  m_PrefabInstance: {fileID: 718977211}
  m_PrefabAsset: {fileID: 0}
--- !u!20 &776756788 stripped
Camera:
  m_CorrespondingSourceObject: {fileID: 2656986481039008005, guid: 345665c1daec841ddb052b75d27d86d7, type: 3}
  m_PrefabInstance: {fileID: 2656986481336532785}
  m_PrefabAsset: {fileID: 0}
--- !u!95 &794560644 stripped
Animator:
  m_CorrespondingSourceObject: {fileID: 2656986481021171637, guid: 345665c1daec841ddb052b75d27d86d7, type: 3}
  m_PrefabInstance: {fileID: 2656986481336532785}
  m_PrefabAsset: {fileID: 0}
--- !u!1 &837872511 stripped
GameObject:
  m_CorrespondingSourceObject: {fileID: 2746355457857729141, guid: 1f18e1c35d5ea4e9a81331b8ac3afeed, type: 3}
  m_PrefabInstance: {fileID: 2746355457066031370}
  m_PrefabAsset: {fileID: 0}
--- !u!1001 &1011763776
PrefabInstance:
  m_ObjectHideFlags: 0
  serializedVersion: 2
  m_Modification:
    m_TransformParent: {fileID: 0}
    m_Modifications:
    - target: {fileID: 3139104654479756757, guid: a0d92ca0bcadd4a628268da6e683a63b, type: 3}
      propertyPath: m_Name
      value: AdjustSDKManager
      objectReference: {fileID: 0}
    - target: {fileID: 3139104654479756758, guid: a0d92ca0bcadd4a628268da6e683a63b, type: 3}
      propertyPath: logLevel
      value: 7
      objectReference: {fileID: 0}
    - target: {fileID: 3139104654479756758, guid: a0d92ca0bcadd4a628268da6e683a63b, type: 3}
      propertyPath: environment
      value: 1
      objectReference: {fileID: 0}
    - target: {fileID: 3139104654479756758, guid: a0d92ca0bcadd4a628268da6e683a63b, type: 3}
      propertyPath: appTokenForAndroid
      value: wl1e83l1wwlc
      objectReference: {fileID: 0}
    - target: {fileID: 3139104654479756758, guid: a0d92ca0bcadd4a628268da6e683a63b, type: 3}
      propertyPath: showAdvanceAdjustConfiguretion
      value: 1
      objectReference: {fileID: 0}
    - target: {fileID: 3139104654479756758, guid: a0d92ca0bcadd4a628268da6e683a63b, type: 3}
      propertyPath: listOfAdjustEventTracker.Array.size
      value: 1
      objectReference: {fileID: 0}
    - target: {fileID: 3139104654479756758, guid: a0d92ca0bcadd4a628268da6e683a63b, type: 3}
      propertyPath: updateEnumListForPreConfigEventTracker
      value: 1
      objectReference: {fileID: 0}
    - target: {fileID: 3139104654479756758, guid: a0d92ca0bcadd4a628268da6e683a63b, type: 3}
      propertyPath: listOfAdjustEventTracker.Array.data[0].showOnEditor
      value: 1
      objectReference: {fileID: 0}
    - target: {fileID: 3139104654479756758, guid: a0d92ca0bcadd4a628268da6e683a63b, type: 3}
      propertyPath: listOfAdjustEventTracker.Array.data[0].eventTokenForIOS
      value: '{EventToken = iOS}'
      objectReference: {fileID: 0}
    - target: {fileID: 3139104654479756758, guid: a0d92ca0bcadd4a628268da6e683a63b, type: 3}
      propertyPath: listOfAdjustEventTracker.Array.data[0].uniqueIdentifier
      value: test_event_delete
      objectReference: {fileID: 0}
    - target: {fileID: 3139104654479756758, guid: a0d92ca0bcadd4a628268da6e683a63b, type: 3}
      propertyPath: listOfAdjustEventTracker.Array.data[0].eventTokenForAndroid
      value: jd8jb6
      objectReference: {fileID: 0}
    - target: {fileID: 3139104654479756759, guid: a0d92ca0bcadd4a628268da6e683a63b, type: 3}
      propertyPath: m_RootOrder
      value: 23
      objectReference: {fileID: 0}
    - target: {fileID: 3139104654479756759, guid: a0d92ca0bcadd4a628268da6e683a63b, type: 3}
      propertyPath: m_LocalPosition.x
      value: 0
      objectReference: {fileID: 0}
    - target: {fileID: 3139104654479756759, guid: a0d92ca0bcadd4a628268da6e683a63b, type: 3}
      propertyPath: m_LocalPosition.y
      value: 0
      objectReference: {fileID: 0}
    - target: {fileID: 3139104654479756759, guid: a0d92ca0bcadd4a628268da6e683a63b, type: 3}
      propertyPath: m_LocalPosition.z
      value: 0
      objectReference: {fileID: 0}
    - target: {fileID: 3139104654479756759, guid: a0d92ca0bcadd4a628268da6e683a63b, type: 3}
      propertyPath: m_LocalRotation.w
      value: 1
      objectReference: {fileID: 0}
    - target: {fileID: 3139104654479756759, guid: a0d92ca0bcadd4a628268da6e683a63b, type: 3}
      propertyPath: m_LocalRotation.x
      value: 0
      objectReference: {fileID: 0}
    - target: {fileID: 3139104654479756759, guid: a0d92ca0bcadd4a628268da6e683a63b, type: 3}
      propertyPath: m_LocalRotation.y
      value: 0
      objectReference: {fileID: 0}
    - target: {fileID: 3139104654479756759, guid: a0d92ca0bcadd4a628268da6e683a63b, type: 3}
      propertyPath: m_LocalRotation.z
      value: 0
      objectReference: {fileID: 0}
    - target: {fileID: 3139104654479756759, guid: a0d92ca0bcadd4a628268da6e683a63b, type: 3}
      propertyPath: m_LocalEulerAnglesHint.x
      value: 0
      objectReference: {fileID: 0}
    - target: {fileID: 3139104654479756759, guid: a0d92ca0bcadd4a628268da6e683a63b, type: 3}
      propertyPath: m_LocalEulerAnglesHint.y
      value: 0
      objectReference: {fileID: 0}
    - target: {fileID: 3139104654479756759, guid: a0d92ca0bcadd4a628268da6e683a63b, type: 3}
      propertyPath: m_LocalEulerAnglesHint.z
      value: 0
      objectReference: {fileID: 0}
    m_RemovedComponents: []
  m_SourcePrefab: {fileID: 100100000, guid: a0d92ca0bcadd4a628268da6e683a63b, type: 3}
--- !u!1 &1105944050
GameObject:
  m_ObjectHideFlags: 0
  m_CorrespondingSourceObject: {fileID: 0}
  m_PrefabInstance: {fileID: 0}
  m_PrefabAsset: {fileID: 0}
  serializedVersion: 6
  m_Component:
  - component: {fileID: 1105944051}
  - component: {fileID: 1105944053}
  - component: {fileID: 1105944052}
  m_Layer: 0
  m_Name: InputController
  m_TagString: Untagged
  m_Icon: {fileID: 0}
  m_NavMeshLayer: 0
  m_StaticEditorFlags: 0
  m_IsActive: 0
--- !u!4 &1105944051
Transform:
  m_ObjectHideFlags: 0
  m_CorrespondingSourceObject: {fileID: 0}
  m_PrefabInstance: {fileID: 0}
  m_PrefabAsset: {fileID: 0}
  m_GameObject: {fileID: 1105944050}
  m_LocalRotation: {x: 0, y: 0, z: 0, w: 1}
  m_LocalPosition: {x: 0, y: 0, z: 0}
  m_LocalScale: {x: 1, y: 1, z: 1}
  m_Children: []
  m_Father: {fileID: 0}
  m_RootOrder: 9
  m_LocalEulerAnglesHint: {x: 0, y: 0, z: 0}
--- !u!114 &1105944052
MonoBehaviour:
  m_ObjectHideFlags: 0
  m_CorrespondingSourceObject: {fileID: 0}
  m_PrefabInstance: {fileID: 0}
  m_PrefabAsset: {fileID: 0}
  m_GameObject: {fileID: 1105944050}
  m_Enabled: 1
  m_EditorHideFlags: 0
  m_Script: {fileID: 11500000, guid: 432e3d3e97feb86468c2151735396956, type: 3}
  m_Name: 
  m_EditorClassIdentifier: 
  MinSwipeLength: 5
  ReturnForce: 10
  selectedTrans: {fileID: 0}
  mainCamera: {fileID: 776756788}
--- !u!54 &1105944053
Rigidbody:
  m_ObjectHideFlags: 0
  m_CorrespondingSourceObject: {fileID: 0}
  m_PrefabInstance: {fileID: 0}
  m_PrefabAsset: {fileID: 0}
  m_GameObject: {fileID: 1105944050}
  serializedVersion: 2
  m_Mass: 1
  m_Drag: 0
  m_AngularDrag: 0.05
  m_UseGravity: 0
  m_IsKinematic: 0
  m_Interpolate: 0
  m_Constraints: 0
  m_CollisionDetection: 0
--- !u!1 &1146172076
GameObject:
  m_ObjectHideFlags: 0
  m_CorrespondingSourceObject: {fileID: 0}
  m_PrefabInstance: {fileID: 0}
  m_PrefabAsset: {fileID: 0}
  serializedVersion: 6
  m_Component:
  - component: {fileID: 1146172077}
  m_Layer: 0
  m_Name: RightPos
  m_TagString: Untagged
  m_Icon: {fileID: 7422848464349959988, guid: 0000000000000000d000000000000000, type: 0}
  m_NavMeshLayer: 0
  m_StaticEditorFlags: 0
  m_IsActive: 1
--- !u!4 &1146172077
Transform:
  m_ObjectHideFlags: 0
  m_CorrespondingSourceObject: {fileID: 0}
  m_PrefabInstance: {fileID: 0}
  m_PrefabAsset: {fileID: 0}
  m_GameObject: {fileID: 1146172076}
  m_LocalRotation: {x: 0, y: 0, z: 0, w: 1}
  m_LocalPosition: {x: -0.05000031, y: 0.981, z: -5.465}
  m_LocalScale: {x: 1, y: 1, z: 1}
  m_Children: []
  m_Father: {fileID: 0}
  m_RootOrder: 7
  m_LocalEulerAnglesHint: {x: 0, y: 0, z: 0}
--- !u!1 &1149946507
GameObject:
  m_ObjectHideFlags: 0
  m_CorrespondingSourceObject: {fileID: 0}
  m_PrefabInstance: {fileID: 0}
  m_PrefabAsset: {fileID: 0}
  serializedVersion: 6
  m_Component:
  - component: {fileID: 1149946509}
  - component: {fileID: 1149946508}
  m_Layer: 0
  m_Name: Gameplay
  m_TagString: Untagged
  m_Icon: {fileID: 0}
  m_NavMeshLayer: 0
  m_StaticEditorFlags: 0
  m_IsActive: 1
--- !u!114 &1149946508
MonoBehaviour:
  m_ObjectHideFlags: 0
  m_CorrespondingSourceObject: {fileID: 0}
  m_PrefabInstance: {fileID: 0}
  m_PrefabAsset: {fileID: 0}
  m_GameObject: {fileID: 1149946507}
  m_Enabled: 1
  m_EditorHideFlags: 0
  m_Script: {fileID: 11500000, guid: 4891728ce5c1a4e4a9e074ca468ae070, type: 3}
  m_Name: 
  m_EditorClassIdentifier: 
  npcMoveManager: {fileID: 1856425016}
  towelCon: {fileID: 235674756}
  inputController: {fileID: 1105944052}
  camTransAnim: {fileID: 794560644}
  levelEndHolder: {fileID: 837872511}
  levelFailedHolder: {fileID: 288444592}
  isStart: 1
--- !u!4 &1149946509
Transform:
  m_ObjectHideFlags: 0
  m_CorrespondingSourceObject: {fileID: 0}
  m_PrefabInstance: {fileID: 0}
  m_PrefabAsset: {fileID: 0}
  m_GameObject: {fileID: 1149946507}
  m_LocalRotation: {x: 0, y: 0, z: 0, w: 1}
  m_LocalPosition: {x: 0, y: 0, z: 0}
  m_LocalScale: {x: 1, y: 1, z: 1}
  m_Children: []
  m_Father: {fileID: 0}
  m_RootOrder: 4
  m_LocalEulerAnglesHint: {x: 0, y: 0, z: 0}
--- !u!1 &1227880266
GameObject:
  m_ObjectHideFlags: 0
  m_CorrespondingSourceObject: {fileID: 0}
  m_PrefabInstance: {fileID: 0}
  m_PrefabAsset: {fileID: 0}
  serializedVersion: 6
  m_Component:
  - component: {fileID: 1227880267}
  m_Layer: 0
  m_Name: FrontPos
  m_TagString: Untagged
  m_Icon: {fileID: 7422848464349959988, guid: 0000000000000000d000000000000000, type: 0}
  m_NavMeshLayer: 0
  m_StaticEditorFlags: 0
  m_IsActive: 1
--- !u!4 &1227880267
Transform:
  m_ObjectHideFlags: 0
  m_CorrespondingSourceObject: {fileID: 0}
  m_PrefabInstance: {fileID: 0}
  m_PrefabAsset: {fileID: 0}
  m_GameObject: {fileID: 1227880266}
  m_LocalRotation: {x: -0, y: -0, z: -0, w: 1}
  m_LocalPosition: {x: -1.69, y: 0.981, z: -5.465}
  m_LocalScale: {x: 1, y: 1, z: 1}
  m_Children: []
  m_Father: {fileID: 0}
  m_RootOrder: 6
  m_LocalEulerAnglesHint: {x: 0, y: 0, z: 0}
--- !u!1 &1378714043
GameObject:
  m_ObjectHideFlags: 0
  m_CorrespondingSourceObject: {fileID: 0}
  m_PrefabInstance: {fileID: 0}
  m_PrefabAsset: {fileID: 0}
  serializedVersion: 6
  m_Component:
  - component: {fileID: 1378714045}
  - component: {fileID: 1378714044}
  m_Layer: 0
  m_Name: GameENV
  m_TagString: Untagged
  m_Icon: {fileID: 0}
  m_NavMeshLayer: 0
  m_StaticEditorFlags: 0
  m_IsActive: 1
--- !u!114 &1378714044
MonoBehaviour:
  m_ObjectHideFlags: 0
  m_CorrespondingSourceObject: {fileID: 0}
  m_PrefabInstance: {fileID: 0}
  m_PrefabAsset: {fileID: 0}
  m_GameObject: {fileID: 1378714043}
  m_Enabled: 1
  m_EditorHideFlags: 0
  m_Script: {fileID: 11500000, guid: 0c8613bc4e096463f8d82e7462413c09, type: 3}
  m_Name: 
  m_EditorClassIdentifier: 
  parkRef: {fileID: 998190099950938567, guid: 6dbb5aae954e74547b380d25ed844163, type: 3}
  parkEnv: {fileID: 0}
--- !u!4 &1378714045
Transform:
  m_ObjectHideFlags: 0
  m_CorrespondingSourceObject: {fileID: 0}
  m_PrefabInstance: {fileID: 0}
  m_PrefabAsset: {fileID: 0}
  m_GameObject: {fileID: 1378714043}
  m_LocalRotation: {x: 0, y: 0, z: 0, w: 1}
  m_LocalPosition: {x: -3.8926017, y: -6.5859356, z: 6.2862806}
  m_LocalScale: {x: 1, y: 1, z: 1}
  m_Children: []
  m_Father: {fileID: 0}
  m_RootOrder: 17
  m_LocalEulerAnglesHint: {x: 0, y: 0, z: 0}
--- !u!1001 &1463612913
PrefabInstance:
  m_ObjectHideFlags: 0
  serializedVersion: 2
  m_Modification:
    m_TransformParent: {fileID: 0}
    m_Modifications:
    - target: {fileID: 998190099950938566, guid: 6dbb5aae954e74547b380d25ed844163, type: 3}
      propertyPath: m_RootOrder
      value: 16
      objectReference: {fileID: 0}
    - target: {fileID: 998190099950938566, guid: 6dbb5aae954e74547b380d25ed844163, type: 3}
      propertyPath: m_LocalPosition.x
      value: 0
      objectReference: {fileID: 0}
    - target: {fileID: 998190099950938566, guid: 6dbb5aae954e74547b380d25ed844163, type: 3}
      propertyPath: m_LocalPosition.y
      value: 0
      objectReference: {fileID: 0}
    - target: {fileID: 998190099950938566, guid: 6dbb5aae954e74547b380d25ed844163, type: 3}
      propertyPath: m_LocalPosition.z
      value: 0
      objectReference: {fileID: 0}
    - target: {fileID: 998190099950938566, guid: 6dbb5aae954e74547b380d25ed844163, type: 3}
      propertyPath: m_LocalRotation.w
      value: 1
      objectReference: {fileID: 0}
    - target: {fileID: 998190099950938566, guid: 6dbb5aae954e74547b380d25ed844163, type: 3}
      propertyPath: m_LocalRotation.x
      value: 0
      objectReference: {fileID: 0}
    - target: {fileID: 998190099950938566, guid: 6dbb5aae954e74547b380d25ed844163, type: 3}
      propertyPath: m_LocalRotation.y
      value: 0
      objectReference: {fileID: 0}
    - target: {fileID: 998190099950938566, guid: 6dbb5aae954e74547b380d25ed844163, type: 3}
      propertyPath: m_LocalRotation.z
      value: 0
      objectReference: {fileID: 0}
    - target: {fileID: 998190099950938566, guid: 6dbb5aae954e74547b380d25ed844163, type: 3}
      propertyPath: m_LocalEulerAnglesHint.x
      value: 0
      objectReference: {fileID: 0}
    - target: {fileID: 998190099950938566, guid: 6dbb5aae954e74547b380d25ed844163, type: 3}
      propertyPath: m_LocalEulerAnglesHint.y
      value: 0
      objectReference: {fileID: 0}
    - target: {fileID: 998190099950938566, guid: 6dbb5aae954e74547b380d25ed844163, type: 3}
      propertyPath: m_LocalEulerAnglesHint.z
      value: 0
      objectReference: {fileID: 0}
    - target: {fileID: 998190099950938567, guid: 6dbb5aae954e74547b380d25ed844163, type: 3}
      propertyPath: m_Name
      value: _Environment - GAME
      objectReference: {fileID: 0}
    - target: {fileID: 998190099950938567, guid: 6dbb5aae954e74547b380d25ed844163, type: 3}
      propertyPath: m_IsActive
      value: 0
      objectReference: {fileID: 0}
    m_RemovedComponents: []
  m_SourcePrefab: {fileID: 100100000, guid: 6dbb5aae954e74547b380d25ed844163, type: 3}
--- !u!1 &1561615724
GameObject:
  m_ObjectHideFlags: 0
  m_CorrespondingSourceObject: {fileID: 0}
  m_PrefabInstance: {fileID: 0}
  m_PrefabAsset: {fileID: 0}
  serializedVersion: 6
  m_Component:
  - component: {fileID: 1561615726}
  - component: {fileID: 1561615725}
  m_Layer: 0
  m_Name: FacebookManager
  m_TagString: Untagged
  m_Icon: {fileID: 0}
  m_NavMeshLayer: 0
  m_StaticEditorFlags: 0
  m_IsActive: 1
--- !u!114 &1561615725
MonoBehaviour:
  m_ObjectHideFlags: 0
  m_CorrespondingSourceObject: {fileID: 0}
  m_PrefabInstance: {fileID: 0}
  m_PrefabAsset: {fileID: 0}
  m_GameObject: {fileID: 1561615724}
  m_Enabled: 1
  m_EditorHideFlags: 0
  m_Script: {fileID: 11500000, guid: cd316b532e2221f4d830c2e48f88ad7c, type: 3}
  m_Name: 
  m_EditorClassIdentifier: 
  userProfilePicture: {fileID: 0}
  userID: {fileID: 0}
  userName: {fileID: 0}
  userEmail: {fileID: 0}
  userPermission: {fileID: 0}
  errorDisplay: {fileID: 0}
  OnFacebookLoggedInSuccessful:
    m_PersistentCalls:
      m_Calls: []
  OnFacebookLoggedInFailed:
    m_PersistentCalls:
      m_Calls: []
  appURL_Android: 
  OnFacebookShare:
    m_PersistentCalls:
      m_Calls: []
--- !u!4 &1561615726
Transform:
  m_ObjectHideFlags: 0
  m_CorrespondingSourceObject: {fileID: 0}
  m_PrefabInstance: {fileID: 0}
  m_PrefabAsset: {fileID: 0}
  m_GameObject: {fileID: 1561615724}
  m_LocalRotation: {x: 0, y: 0, z: 0, w: 1}
  m_LocalPosition: {x: -2.3223038, y: 1.1155045, z: -5.2552643}
  m_LocalScale: {x: 1, y: 1, z: 1}
  m_Children: []
  m_Father: {fileID: 0}
  m_RootOrder: 21
  m_LocalEulerAnglesHint: {x: 0, y: 0, z: 0}
--- !u!1 &1561717259
GameObject:
  m_ObjectHideFlags: 0
  m_CorrespondingSourceObject: {fileID: 0}
  m_PrefabInstance: {fileID: 0}
  m_PrefabAsset: {fileID: 0}
  serializedVersion: 6
  m_Component:
  - component: {fileID: 1561717260}
  - component: {fileID: 1561717261}
  - component: {fileID: 1561717262}
  - component: {fileID: 1561717263}
  m_Layer: 0
  m_Name: LeftPos
  m_TagString: Untagged
  m_Icon: {fileID: 7422848464349959988, guid: 0000000000000000d000000000000000, type: 0}
  m_NavMeshLayer: 0
  m_StaticEditorFlags: 0
  m_IsActive: 1
--- !u!4 &1561717260
Transform:
  m_ObjectHideFlags: 0
  m_CorrespondingSourceObject: {fileID: 0}
  m_PrefabInstance: {fileID: 0}
  m_PrefabAsset: {fileID: 0}
  m_GameObject: {fileID: 1561717259}
  m_LocalRotation: {x: -0, y: -0, z: -0, w: 1}
  m_LocalPosition: {x: -3.126, y: 0.981, z: -5.504}
  m_LocalScale: {x: 1, y: 1, z: 1}
  m_Children: []
  m_Father: {fileID: 0}
  m_RootOrder: 5
  m_LocalEulerAnglesHint: {x: 0, y: 0, z: 0}
--- !u!135 &1561717261
SphereCollider:
  m_ObjectHideFlags: 0
  m_CorrespondingSourceObject: {fileID: 0}
  m_PrefabInstance: {fileID: 0}
  m_PrefabAsset: {fileID: 0}
  m_GameObject: {fileID: 1561717259}
  m_Material: {fileID: 0}
  m_IsTrigger: 1
  m_Enabled: 1
  serializedVersion: 2
  m_Radius: 0.34
  m_Center: {x: 0, y: 0, z: 0}
--- !u!114 &1561717262
MonoBehaviour:
  m_ObjectHideFlags: 0
  m_CorrespondingSourceObject: {fileID: 0}
  m_PrefabInstance: {fileID: 0}
  m_PrefabAsset: {fileID: 0}
  m_GameObject: {fileID: 1561717259}
  m_Enabled: 1
  m_EditorHideFlags: 0
  m_Script: {fileID: 11500000, guid: c07e55b592aa44b09939a997e4321bb8, type: 3}
  m_Name: 
  m_EditorClassIdentifier: 
--- !u!54 &1561717263
Rigidbody:
  m_ObjectHideFlags: 0
  m_CorrespondingSourceObject: {fileID: 0}
  m_PrefabInstance: {fileID: 0}
  m_PrefabAsset: {fileID: 0}
  m_GameObject: {fileID: 1561717259}
  serializedVersion: 2
  m_Mass: 1
  m_Drag: 0
  m_AngularDrag: 0.05
  m_UseGravity: 0
  m_IsKinematic: 0
  m_Interpolate: 0
  m_Constraints: 0
  m_CollisionDetection: 0
--- !u!1 &1856425015
GameObject:
  m_ObjectHideFlags: 0
  m_CorrespondingSourceObject: {fileID: 0}
  m_PrefabInstance: {fileID: 0}
  m_PrefabAsset: {fileID: 0}
  serializedVersion: 6
  m_Component:
  - component: {fileID: 1856425017}
  - component: {fileID: 1856425016}
  m_Layer: 0
  m_Name: NPCMovemanager
  m_TagString: Untagged
  m_Icon: {fileID: 0}
  m_NavMeshLayer: 0
  m_StaticEditorFlags: 0
  m_IsActive: 1
--- !u!114 &1856425016
MonoBehaviour:
  m_ObjectHideFlags: 0
  m_CorrespondingSourceObject: {fileID: 0}
  m_PrefabInstance: {fileID: 0}
  m_PrefabAsset: {fileID: 0}
  m_GameObject: {fileID: 1856425015}
  m_Enabled: 1
  m_EditorHideFlags: 0
  m_Script: {fileID: 11500000, guid: 267b4fad6518048d48af257358d4ce05, type: 3}
  m_Name: 
  m_EditorClassIdentifier: 
  pathCreator: {fileID: 226937901}
  npcList:
  - {fileID: 2977015754144211870, guid: ffc751d811a24421db912ec1918585ca, type: 3}
  - {fileID: 2734778368769226924, guid: 2b356418715d74cf588ff9fc90e10bc9, type: 3}
  - {fileID: 6814900139236959990, guid: b872970dded0040dea917f1dd5801553, type: 3}
  isCreateNPC: 1
  idCounter: 0
  destroyedChar: 0
  levelCharLimit: 7
  dirtyCharNumber: 5
  dirtyCounter: 0
  currentNPCList: []
  dirtyPassChar: 0
--- !u!4 &1856425017
Transform:
  m_ObjectHideFlags: 0
  m_CorrespondingSourceObject: {fileID: 0}
  m_PrefabInstance: {fileID: 0}
  m_PrefabAsset: {fileID: 0}
  m_GameObject: {fileID: 1856425015}
  m_LocalRotation: {x: 0, y: 0, z: 0, w: 1}
  m_LocalPosition: {x: -1.478571, y: 1.6112528, z: -6.391803}
  m_LocalScale: {x: 1, y: 1, z: 1}
  m_Children: []
  m_Father: {fileID: 0}
  m_RootOrder: 12
  m_LocalEulerAnglesHint: {x: 0, y: 0, z: 0}
--- !u!1001 &2127229058
PrefabInstance:
  m_ObjectHideFlags: 0
  serializedVersion: 2
  m_Modification:
    m_TransformParent: {fileID: 0}
    m_Modifications:
    - target: {fileID: 165288, guid: a9d27d37bab3c447b8eb7a2a6756e952, type: 3}
      propertyPath: m_Name
      value: GameAnalytics
      objectReference: {fileID: 0}
    - target: {fileID: 465288, guid: a9d27d37bab3c447b8eb7a2a6756e952, type: 3}
      propertyPath: m_RootOrder
      value: 1
      objectReference: {fileID: 0}
    - target: {fileID: 465288, guid: a9d27d37bab3c447b8eb7a2a6756e952, type: 3}
      propertyPath: m_LocalPosition.x
      value: 0
      objectReference: {fileID: 0}
    - target: {fileID: 465288, guid: a9d27d37bab3c447b8eb7a2a6756e952, type: 3}
      propertyPath: m_LocalPosition.y
      value: 0
      objectReference: {fileID: 0}
    - target: {fileID: 465288, guid: a9d27d37bab3c447b8eb7a2a6756e952, type: 3}
      propertyPath: m_LocalPosition.z
      value: 0
      objectReference: {fileID: 0}
    - target: {fileID: 465288, guid: a9d27d37bab3c447b8eb7a2a6756e952, type: 3}
      propertyPath: m_LocalRotation.w
      value: 1
      objectReference: {fileID: 0}
    - target: {fileID: 465288, guid: a9d27d37bab3c447b8eb7a2a6756e952, type: 3}
      propertyPath: m_LocalRotation.x
      value: 0
      objectReference: {fileID: 0}
    - target: {fileID: 465288, guid: a9d27d37bab3c447b8eb7a2a6756e952, type: 3}
      propertyPath: m_LocalRotation.y
      value: 0
      objectReference: {fileID: 0}
    - target: {fileID: 465288, guid: a9d27d37bab3c447b8eb7a2a6756e952, type: 3}
      propertyPath: m_LocalRotation.z
      value: 0
      objectReference: {fileID: 0}
    - target: {fileID: 465288, guid: a9d27d37bab3c447b8eb7a2a6756e952, type: 3}
      propertyPath: m_LocalEulerAnglesHint.x
      value: 0
      objectReference: {fileID: 0}
    - target: {fileID: 465288, guid: a9d27d37bab3c447b8eb7a2a6756e952, type: 3}
      propertyPath: m_LocalEulerAnglesHint.y
      value: 0
      objectReference: {fileID: 0}
    - target: {fileID: 465288, guid: a9d27d37bab3c447b8eb7a2a6756e952, type: 3}
      propertyPath: m_LocalEulerAnglesHint.z
      value: 0
      objectReference: {fileID: 0}
    m_RemovedComponents: []
  m_SourcePrefab: {fileID: 100100000, guid: a9d27d37bab3c447b8eb7a2a6756e952, type: 3}
--- !u!4 &543450652439624843
Transform:
  m_ObjectHideFlags: 0
  m_CorrespondingSourceObject: {fileID: 0}
  m_PrefabInstance: {fileID: 0}
  m_PrefabAsset: {fileID: 0}
  m_GameObject: {fileID: 919132148167763505}
  m_LocalRotation: {x: 0, y: -0, z: -0, w: 1}
  m_LocalPosition: {x: -1.694, y: 0.274, z: -7.814}
  m_LocalScale: {x: 1, y: 1, z: 1}
  m_Children:
  - {fileID: 106752461}
  - {fileID: 435056959}
  m_Father: {fileID: 0}
  m_RootOrder: 14
  m_LocalEulerAnglesHint: {x: 0, y: 0, z: 0}
--- !u!1 &919132148167763505
GameObject:
  m_ObjectHideFlags: 0
  m_CorrespondingSourceObject: {fileID: 0}
  m_PrefabInstance: {fileID: 0}
  m_PrefabAsset: {fileID: 0}
  serializedVersion: 6
  m_Component:
  - component: {fileID: 543450652439624843}
  m_Layer: 0
  m_Name: HandMesh
  m_TagString: Untagged
  m_Icon: {fileID: 0}
  m_NavMeshLayer: 0
  m_StaticEditorFlags: 0
  m_IsActive: 0
--- !u!1001 &949738920863952820
PrefabInstance:
  m_ObjectHideFlags: 0
  serializedVersion: 2
  m_Modification:
    m_TransformParent: {fileID: 0}
    m_Modifications:
    - target: {fileID: 949738921508894351, guid: 7a11a7b3c7d91453ea25061a87a569c0, type: 3}
      propertyPath: m_AnchoredPosition.x
      value: 225.41992
      objectReference: {fileID: 0}
    - target: {fileID: 949738921508894351, guid: 7a11a7b3c7d91453ea25061a87a569c0, type: 3}
      propertyPath: m_AnchoredPosition.y
      value: -75.20117
      objectReference: {fileID: 0}
    - target: {fileID: 949738921572948417, guid: 7a11a7b3c7d91453ea25061a87a569c0, type: 3}
      propertyPath: m_Name
      value: Canvas - FPSReporter
      objectReference: {fileID: 0}
    - target: {fileID: 949738921572948417, guid: 7a11a7b3c7d91453ea25061a87a569c0, type: 3}
      propertyPath: m_IsActive
      value: 0
      objectReference: {fileID: 0}
    - target: {fileID: 949738921572948429, guid: 7a11a7b3c7d91453ea25061a87a569c0, type: 3}
      propertyPath: m_Pivot.x
      value: 0
      objectReference: {fileID: 0}
    - target: {fileID: 949738921572948429, guid: 7a11a7b3c7d91453ea25061a87a569c0, type: 3}
      propertyPath: m_Pivot.y
      value: 0
      objectReference: {fileID: 0}
    - target: {fileID: 949738921572948429, guid: 7a11a7b3c7d91453ea25061a87a569c0, type: 3}
      propertyPath: m_RootOrder
      value: 0
      objectReference: {fileID: 0}
    - target: {fileID: 949738921572948429, guid: 7a11a7b3c7d91453ea25061a87a569c0, type: 3}
      propertyPath: m_AnchorMax.x
      value: 0
      objectReference: {fileID: 0}
    - target: {fileID: 949738921572948429, guid: 7a11a7b3c7d91453ea25061a87a569c0, type: 3}
      propertyPath: m_AnchorMax.y
      value: 0
      objectReference: {fileID: 0}
    - target: {fileID: 949738921572948429, guid: 7a11a7b3c7d91453ea25061a87a569c0, type: 3}
      propertyPath: m_AnchorMin.x
      value: 0
      objectReference: {fileID: 0}
    - target: {fileID: 949738921572948429, guid: 7a11a7b3c7d91453ea25061a87a569c0, type: 3}
      propertyPath: m_AnchorMin.y
      value: 0
      objectReference: {fileID: 0}
    - target: {fileID: 949738921572948429, guid: 7a11a7b3c7d91453ea25061a87a569c0, type: 3}
      propertyPath: m_SizeDelta.x
      value: 0
      objectReference: {fileID: 0}
    - target: {fileID: 949738921572948429, guid: 7a11a7b3c7d91453ea25061a87a569c0, type: 3}
      propertyPath: m_SizeDelta.y
      value: 0
      objectReference: {fileID: 0}
    - target: {fileID: 949738921572948429, guid: 7a11a7b3c7d91453ea25061a87a569c0, type: 3}
      propertyPath: m_LocalPosition.x
      value: 0
      objectReference: {fileID: 0}
    - target: {fileID: 949738921572948429, guid: 7a11a7b3c7d91453ea25061a87a569c0, type: 3}
      propertyPath: m_LocalPosition.y
      value: 0
      objectReference: {fileID: 0}
    - target: {fileID: 949738921572948429, guid: 7a11a7b3c7d91453ea25061a87a569c0, type: 3}
      propertyPath: m_LocalPosition.z
      value: 0
      objectReference: {fileID: 0}
    - target: {fileID: 949738921572948429, guid: 7a11a7b3c7d91453ea25061a87a569c0, type: 3}
      propertyPath: m_LocalRotation.w
      value: 1
      objectReference: {fileID: 0}
    - target: {fileID: 949738921572948429, guid: 7a11a7b3c7d91453ea25061a87a569c0, type: 3}
      propertyPath: m_LocalRotation.x
      value: 0
      objectReference: {fileID: 0}
    - target: {fileID: 949738921572948429, guid: 7a11a7b3c7d91453ea25061a87a569c0, type: 3}
      propertyPath: m_LocalRotation.y
      value: 0
      objectReference: {fileID: 0}
    - target: {fileID: 949738921572948429, guid: 7a11a7b3c7d91453ea25061a87a569c0, type: 3}
      propertyPath: m_LocalRotation.z
      value: 0
      objectReference: {fileID: 0}
    - target: {fileID: 949738921572948429, guid: 7a11a7b3c7d91453ea25061a87a569c0, type: 3}
      propertyPath: m_AnchoredPosition.x
      value: 0
      objectReference: {fileID: 0}
    - target: {fileID: 949738921572948429, guid: 7a11a7b3c7d91453ea25061a87a569c0, type: 3}
      propertyPath: m_AnchoredPosition.y
      value: 0
      objectReference: {fileID: 0}
    - target: {fileID: 949738921572948429, guid: 7a11a7b3c7d91453ea25061a87a569c0, type: 3}
      propertyPath: m_LocalEulerAnglesHint.x
      value: 0
      objectReference: {fileID: 0}
    - target: {fileID: 949738921572948429, guid: 7a11a7b3c7d91453ea25061a87a569c0, type: 3}
      propertyPath: m_LocalEulerAnglesHint.y
      value: 0
      objectReference: {fileID: 0}
    - target: {fileID: 949738921572948429, guid: 7a11a7b3c7d91453ea25061a87a569c0, type: 3}
      propertyPath: m_LocalEulerAnglesHint.z
      value: 0
      objectReference: {fileID: 0}
    m_RemovedComponents: []
  m_SourcePrefab: {fileID: 100100000, guid: 7a11a7b3c7d91453ea25061a87a569c0, type: 3}
--- !u!1001 &2465263659897180300
PrefabInstance:
  m_ObjectHideFlags: 0
  serializedVersion: 2
  m_Modification:
    m_TransformParent: {fileID: 0}
    m_Modifications:
    - target: {fileID: 424749383, guid: e6bfb311aa18543e0afffd8cfcc1fde8, type: 3}
      propertyPath: m_AnchoredPosition.x
      value: -2.7714844
      objectReference: {fileID: 0}
    - target: {fileID: 424749383, guid: e6bfb311aa18543e0afffd8cfcc1fde8, type: 3}
      propertyPath: m_AnchoredPosition.y
      value: -114.15039
      objectReference: {fileID: 0}
    - target: {fileID: 628656435, guid: e6bfb311aa18543e0afffd8cfcc1fde8, type: 3}
      propertyPath: levelCompleteParticle
      value: 
      objectReference: {fileID: 718977213}
    - target: {fileID: 628656435, guid: e6bfb311aa18543e0afffd8cfcc1fde8, type: 3}
      propertyPath: levelCompleteParticle2
      value: 
      objectReference: {fileID: 718977212}
    - target: {fileID: 1067095789, guid: e6bfb311aa18543e0afffd8cfcc1fde8, type: 3}
      propertyPath: m_AnchoredPosition.y
      value: -828.5215
      objectReference: {fileID: 0}
    - target: {fileID: 5532243215727155478, guid: e6bfb311aa18543e0afffd8cfcc1fde8, type: 3}
      propertyPath: m_Pivot.x
      value: 0
      objectReference: {fileID: 0}
    - target: {fileID: 5532243215727155478, guid: e6bfb311aa18543e0afffd8cfcc1fde8, type: 3}
      propertyPath: m_Pivot.y
      value: 0
      objectReference: {fileID: 0}
    - target: {fileID: 5532243215727155478, guid: e6bfb311aa18543e0afffd8cfcc1fde8, type: 3}
      propertyPath: m_RootOrder
      value: 11
      objectReference: {fileID: 0}
    - target: {fileID: 5532243215727155478, guid: e6bfb311aa18543e0afffd8cfcc1fde8, type: 3}
      propertyPath: m_AnchorMax.x
      value: 0
      objectReference: {fileID: 0}
    - target: {fileID: 5532243215727155478, guid: e6bfb311aa18543e0afffd8cfcc1fde8, type: 3}
      propertyPath: m_AnchorMax.y
      value: 0
      objectReference: {fileID: 0}
    - target: {fileID: 5532243215727155478, guid: e6bfb311aa18543e0afffd8cfcc1fde8, type: 3}
      propertyPath: m_AnchorMin.x
      value: 0
      objectReference: {fileID: 0}
    - target: {fileID: 5532243215727155478, guid: e6bfb311aa18543e0afffd8cfcc1fde8, type: 3}
      propertyPath: m_AnchorMin.y
      value: 0
      objectReference: {fileID: 0}
    - target: {fileID: 5532243215727155478, guid: e6bfb311aa18543e0afffd8cfcc1fde8, type: 3}
      propertyPath: m_SizeDelta.x
      value: 0
      objectReference: {fileID: 0}
    - target: {fileID: 5532243215727155478, guid: e6bfb311aa18543e0afffd8cfcc1fde8, type: 3}
      propertyPath: m_SizeDelta.y
      value: 0
      objectReference: {fileID: 0}
    - target: {fileID: 5532243215727155478, guid: e6bfb311aa18543e0afffd8cfcc1fde8, type: 3}
      propertyPath: m_LocalPosition.x
      value: 0
      objectReference: {fileID: 0}
    - target: {fileID: 5532243215727155478, guid: e6bfb311aa18543e0afffd8cfcc1fde8, type: 3}
      propertyPath: m_LocalPosition.y
      value: 0
      objectReference: {fileID: 0}
    - target: {fileID: 5532243215727155478, guid: e6bfb311aa18543e0afffd8cfcc1fde8, type: 3}
      propertyPath: m_LocalPosition.z
      value: 0
      objectReference: {fileID: 0}
    - target: {fileID: 5532243215727155478, guid: e6bfb311aa18543e0afffd8cfcc1fde8, type: 3}
      propertyPath: m_LocalRotation.w
      value: 1
      objectReference: {fileID: 0}
    - target: {fileID: 5532243215727155478, guid: e6bfb311aa18543e0afffd8cfcc1fde8, type: 3}
      propertyPath: m_LocalRotation.x
      value: 0
      objectReference: {fileID: 0}
    - target: {fileID: 5532243215727155478, guid: e6bfb311aa18543e0afffd8cfcc1fde8, type: 3}
      propertyPath: m_LocalRotation.y
      value: 0
      objectReference: {fileID: 0}
    - target: {fileID: 5532243215727155478, guid: e6bfb311aa18543e0afffd8cfcc1fde8, type: 3}
      propertyPath: m_LocalRotation.z
      value: 0
      objectReference: {fileID: 0}
    - target: {fileID: 5532243215727155478, guid: e6bfb311aa18543e0afffd8cfcc1fde8, type: 3}
      propertyPath: m_AnchoredPosition.x
      value: 0
      objectReference: {fileID: 0}
    - target: {fileID: 5532243215727155478, guid: e6bfb311aa18543e0afffd8cfcc1fde8, type: 3}
      propertyPath: m_AnchoredPosition.y
      value: 0
      objectReference: {fileID: 0}
    - target: {fileID: 5532243215727155478, guid: e6bfb311aa18543e0afffd8cfcc1fde8, type: 3}
      propertyPath: m_LocalEulerAnglesHint.x
      value: 0
      objectReference: {fileID: 0}
    - target: {fileID: 5532243215727155478, guid: e6bfb311aa18543e0afffd8cfcc1fde8, type: 3}
      propertyPath: m_LocalEulerAnglesHint.y
      value: 0
      objectReference: {fileID: 0}
    - target: {fileID: 5532243215727155478, guid: e6bfb311aa18543e0afffd8cfcc1fde8, type: 3}
      propertyPath: m_LocalEulerAnglesHint.z
      value: 0
      objectReference: {fileID: 0}
    - target: {fileID: 5532243215727156970, guid: e6bfb311aa18543e0afffd8cfcc1fde8, type: 3}
      propertyPath: m_Name
      value: Canvas - UI
      objectReference: {fileID: 0}
    - target: {fileID: 5532243215727156970, guid: e6bfb311aa18543e0afffd8cfcc1fde8, type: 3}
      propertyPath: m_IsActive
      value: 1
      objectReference: {fileID: 0}
    - target: {fileID: 5532243215957733319, guid: e6bfb311aa18543e0afffd8cfcc1fde8, type: 3}
      propertyPath: m_AnchoredPosition.y
      value: -671.7676
      objectReference: {fileID: 0}
    - target: {fileID: 5532243216486383241, guid: e6bfb311aa18543e0afffd8cfcc1fde8, type: 3}
      propertyPath: m_AnchoredPosition.x
      value: -2.7714844
      objectReference: {fileID: 0}
    - target: {fileID: 5532243216486383241, guid: e6bfb311aa18543e0afffd8cfcc1fde8, type: 3}
      propertyPath: m_AnchoredPosition.y
      value: -114.15039
      objectReference: {fileID: 0}
    - target: {fileID: 5532243216641524736, guid: e6bfb311aa18543e0afffd8cfcc1fde8, type: 3}
      propertyPath: m_AnchoredPosition.y
      value: 302.00195
      objectReference: {fileID: 0}
    m_RemovedComponents: []
  m_SourcePrefab: {fileID: 100100000, guid: e6bfb311aa18543e0afffd8cfcc1fde8, type: 3}
--- !u!1001 &2590695358518691462
PrefabInstance:
  m_ObjectHideFlags: 0
  serializedVersion: 2
  m_Modification:
    m_TransformParent: {fileID: 0}
    m_Modifications:
    - target: {fileID: 766601212633588315, guid: 0cb91c4c7439a4da09ec1c31cd90dca7, type: 3}
      propertyPath: pathMove
      value: 
      objectReference: {fileID: 226937901}
    - target: {fileID: 766601212987463157, guid: 0cb91c4c7439a4da09ec1c31cd90dca7, type: 3}
      propertyPath: pathMove
      value: 
      objectReference: {fileID: 226937901}
    - target: {fileID: 766601213621195184, guid: 0cb91c4c7439a4da09ec1c31cd90dca7, type: 3}
      propertyPath: pathMove
      value: 
      objectReference: {fileID: 226937901}
    - target: {fileID: 2590695358236710454, guid: 0cb91c4c7439a4da09ec1c31cd90dca7, type: 3}
      propertyPath: m_Name
      value: LevelEndFailed
      objectReference: {fileID: 0}
    - target: {fileID: 2590695358236710455, guid: 0cb91c4c7439a4da09ec1c31cd90dca7, type: 3}
      propertyPath: m_RootOrder
      value: 19
      objectReference: {fileID: 0}
    - target: {fileID: 2590695358236710455, guid: 0cb91c4c7439a4da09ec1c31cd90dca7, type: 3}
      propertyPath: m_LocalPosition.x
      value: 0.16
      objectReference: {fileID: 0}
    - target: {fileID: 2590695358236710455, guid: 0cb91c4c7439a4da09ec1c31cd90dca7, type: 3}
      propertyPath: m_LocalPosition.y
      value: 0
      objectReference: {fileID: 0}
    - target: {fileID: 2590695358236710455, guid: 0cb91c4c7439a4da09ec1c31cd90dca7, type: 3}
      propertyPath: m_LocalPosition.z
      value: 0
      objectReference: {fileID: 0}
    - target: {fileID: 2590695358236710455, guid: 0cb91c4c7439a4da09ec1c31cd90dca7, type: 3}
      propertyPath: m_LocalRotation.w
      value: 1
      objectReference: {fileID: 0}
    - target: {fileID: 2590695358236710455, guid: 0cb91c4c7439a4da09ec1c31cd90dca7, type: 3}
      propertyPath: m_LocalRotation.x
      value: 0
      objectReference: {fileID: 0}
    - target: {fileID: 2590695358236710455, guid: 0cb91c4c7439a4da09ec1c31cd90dca7, type: 3}
      propertyPath: m_LocalRotation.y
      value: 0
      objectReference: {fileID: 0}
    - target: {fileID: 2590695358236710455, guid: 0cb91c4c7439a4da09ec1c31cd90dca7, type: 3}
      propertyPath: m_LocalRotation.z
      value: 0
      objectReference: {fileID: 0}
    - target: {fileID: 2590695358236710455, guid: 0cb91c4c7439a4da09ec1c31cd90dca7, type: 3}
      propertyPath: m_LocalEulerAnglesHint.x
      value: 0
      objectReference: {fileID: 0}
    - target: {fileID: 2590695358236710455, guid: 0cb91c4c7439a4da09ec1c31cd90dca7, type: 3}
      propertyPath: m_LocalEulerAnglesHint.y
      value: 0
      objectReference: {fileID: 0}
    - target: {fileID: 2590695358236710455, guid: 0cb91c4c7439a4da09ec1c31cd90dca7, type: 3}
      propertyPath: m_LocalEulerAnglesHint.z
      value: 0
      objectReference: {fileID: 0}
    m_RemovedComponents: []
  m_SourcePrefab: {fileID: 100100000, guid: 0cb91c4c7439a4da09ec1c31cd90dca7, type: 3}
--- !u!1001 &2656986481336532785
PrefabInstance:
  m_ObjectHideFlags: 0
  serializedVersion: 2
  m_Modification:
    m_TransformParent: {fileID: 0}
    m_Modifications:
    - target: {fileID: 2656986481021171635, guid: 345665c1daec841ddb052b75d27d86d7, type: 3}
      propertyPath: m_Name
      value: FPSPlayer
      objectReference: {fileID: 0}
    - target: {fileID: 2656986481021171639, guid: 345665c1daec841ddb052b75d27d86d7, type: 3}
      propertyPath: m_RootOrder
      value: 3
      objectReference: {fileID: 0}
    - target: {fileID: 2656986481021171639, guid: 345665c1daec841ddb052b75d27d86d7, type: 3}
      propertyPath: m_LocalPosition.x
      value: -4.36
      objectReference: {fileID: 0}
    - target: {fileID: 2656986481021171639, guid: 345665c1daec841ddb052b75d27d86d7, type: 3}
      propertyPath: m_LocalPosition.y
      value: 1.24
      objectReference: {fileID: 0}
    - target: {fileID: 2656986481021171639, guid: 345665c1daec841ddb052b75d27d86d7, type: 3}
      propertyPath: m_LocalPosition.z
      value: -8
      objectReference: {fileID: 0}
    - target: {fileID: 2656986481021171639, guid: 345665c1daec841ddb052b75d27d86d7, type: 3}
      propertyPath: m_LocalRotation.w
      value: 1
      objectReference: {fileID: 0}
    - target: {fileID: 2656986481021171639, guid: 345665c1daec841ddb052b75d27d86d7, type: 3}
      propertyPath: m_LocalRotation.x
      value: 0
      objectReference: {fileID: 0}
    - target: {fileID: 2656986481021171639, guid: 345665c1daec841ddb052b75d27d86d7, type: 3}
      propertyPath: m_LocalRotation.y
      value: 0
      objectReference: {fileID: 0}
    - target: {fileID: 2656986481021171639, guid: 345665c1daec841ddb052b75d27d86d7, type: 3}
      propertyPath: m_LocalRotation.z
      value: 0
      objectReference: {fileID: 0}
    - target: {fileID: 2656986481021171639, guid: 345665c1daec841ddb052b75d27d86d7, type: 3}
      propertyPath: m_LocalEulerAnglesHint.x
      value: 0
      objectReference: {fileID: 0}
    - target: {fileID: 2656986481021171639, guid: 345665c1daec841ddb052b75d27d86d7, type: 3}
      propertyPath: m_LocalEulerAnglesHint.y
      value: 0
      objectReference: {fileID: 0}
    - target: {fileID: 2656986481021171639, guid: 345665c1daec841ddb052b75d27d86d7, type: 3}
      propertyPath: m_LocalEulerAnglesHint.z
      value: 0
      objectReference: {fileID: 0}
    - target: {fileID: 2891006331878022674, guid: 345665c1daec841ddb052b75d27d86d7, type: 3}
      propertyPath: m_IsActive
      value: 1
      objectReference: {fileID: 0}
    m_RemovedComponents: []
  m_SourcePrefab: {fileID: 100100000, guid: 345665c1daec841ddb052b75d27d86d7, type: 3}
--- !u!1001 &2746355457066031370
PrefabInstance:
  m_ObjectHideFlags: 0
  serializedVersion: 2
  m_Modification:
    m_TransformParent: {fileID: 0}
    m_Modifications:
    - target: {fileID: 1102677888647539807, guid: 1f18e1c35d5ea4e9a81331b8ac3afeed, type: 3}
      propertyPath: pathMove
      value: 
      objectReference: {fileID: 226937901}
    - target: {fileID: 1102677888902721099, guid: 1f18e1c35d5ea4e9a81331b8ac3afeed, type: 3}
      propertyPath: pathMove
      value: 
      objectReference: {fileID: 226937901}
    - target: {fileID: 2746355456366051553, guid: 1f18e1c35d5ea4e9a81331b8ac3afeed, type: 3}
      propertyPath: pathMove
      value: 
      objectReference: {fileID: 226937901}
    - target: {fileID: 2746355457857729141, guid: 1f18e1c35d5ea4e9a81331b8ac3afeed, type: 3}
      propertyPath: m_Name
      value: LevelEndHolder
      objectReference: {fileID: 0}
    - target: {fileID: 2746355457857729162, guid: 1f18e1c35d5ea4e9a81331b8ac3afeed, type: 3}
      propertyPath: m_RootOrder
      value: 18
      objectReference: {fileID: 0}
    - target: {fileID: 2746355457857729162, guid: 1f18e1c35d5ea4e9a81331b8ac3afeed, type: 3}
      propertyPath: m_LocalPosition.x
      value: 0.16
      objectReference: {fileID: 0}
    - target: {fileID: 2746355457857729162, guid: 1f18e1c35d5ea4e9a81331b8ac3afeed, type: 3}
      propertyPath: m_LocalPosition.y
      value: 0
      objectReference: {fileID: 0}
    - target: {fileID: 2746355457857729162, guid: 1f18e1c35d5ea4e9a81331b8ac3afeed, type: 3}
      propertyPath: m_LocalPosition.z
      value: 0
      objectReference: {fileID: 0}
    - target: {fileID: 2746355457857729162, guid: 1f18e1c35d5ea4e9a81331b8ac3afeed, type: 3}
      propertyPath: m_LocalRotation.w
      value: 1
      objectReference: {fileID: 0}
    - target: {fileID: 2746355457857729162, guid: 1f18e1c35d5ea4e9a81331b8ac3afeed, type: 3}
      propertyPath: m_LocalRotation.x
      value: 0
      objectReference: {fileID: 0}
    - target: {fileID: 2746355457857729162, guid: 1f18e1c35d5ea4e9a81331b8ac3afeed, type: 3}
      propertyPath: m_LocalRotation.y
      value: 0
      objectReference: {fileID: 0}
    - target: {fileID: 2746355457857729162, guid: 1f18e1c35d5ea4e9a81331b8ac3afeed, type: 3}
      propertyPath: m_LocalRotation.z
      value: 0
      objectReference: {fileID: 0}
    - target: {fileID: 2746355457857729162, guid: 1f18e1c35d5ea4e9a81331b8ac3afeed, type: 3}
      propertyPath: m_LocalEulerAnglesHint.x
      value: 0
      objectReference: {fileID: 0}
    - target: {fileID: 2746355457857729162, guid: 1f18e1c35d5ea4e9a81331b8ac3afeed, type: 3}
      propertyPath: m_LocalEulerAnglesHint.y
      value: 0
      objectReference: {fileID: 0}
    - target: {fileID: 2746355457857729162, guid: 1f18e1c35d5ea4e9a81331b8ac3afeed, type: 3}
      propertyPath: m_LocalEulerAnglesHint.z
      value: 0
      objectReference: {fileID: 0}
    m_RemovedComponents: []
  m_SourcePrefab: {fileID: 100100000, guid: 1f18e1c35d5ea4e9a81331b8ac3afeed, type: 3}
--- !u!23 &5415727529718950494
MeshRenderer:
  m_ObjectHideFlags: 0
  m_CorrespondingSourceObject: {fileID: 0}
  m_PrefabInstance: {fileID: 0}
  m_PrefabAsset: {fileID: 0}
  m_GameObject: {fileID: 8936658100390352246}
  m_Enabled: 1
  m_CastShadows: 1
  m_ReceiveShadows: 1
  m_DynamicOccludee: 1
  m_StaticShadowCaster: 0
  m_MotionVectors: 1
  m_LightProbeUsage: 1
  m_ReflectionProbeUsage: 1
  m_RayTracingMode: 2
  m_RayTraceProcedural: 0
  m_RenderingLayerMask: 1
  m_RendererPriority: 0
  m_Materials:
  - {fileID: 2100000, guid: d2d848204629845449020c7743c86930, type: 2}
  m_StaticBatchInfo:
    firstSubMesh: 0
    subMeshCount: 0
  m_StaticBatchRoot: {fileID: 0}
  m_ProbeAnchor: {fileID: 0}
  m_LightProbeVolumeOverride: {fileID: 0}
  m_ScaleInLightmap: 1
  m_ReceiveGI: 1
  m_PreserveUVs: 0
  m_IgnoreNormalsForChartDetection: 0
  m_ImportantGI: 0
  m_StitchLightmapSeams: 1
  m_SelectedEditorRenderState: 3
  m_MinimumChartSize: 4
  m_AutoUVMaxDistance: 0.5
  m_AutoUVMaxAngle: 89
  m_LightmapParameters: {fileID: 0}
  m_SortingLayerID: 0
  m_SortingLayer: 0
  m_SortingOrder: 0
  m_AdditionalVertexStreams: {fileID: 0}
--- !u!33 &6343320315050609876
MeshFilter:
  m_ObjectHideFlags: 0
  m_CorrespondingSourceObject: {fileID: 0}
  m_PrefabInstance: {fileID: 0}
  m_PrefabAsset: {fileID: 0}
  m_GameObject: {fileID: 8936658100390352246}
  m_Mesh: {fileID: -6602441374692447843, guid: f863d3d51894f4f8eb472af40025fc93, type: 3}
--- !u!4 &6709141899335179669
Transform:
  m_ObjectHideFlags: 0
  m_CorrespondingSourceObject: {fileID: 0}
  m_PrefabInstance: {fileID: 0}
  m_PrefabAsset: {fileID: 0}
  m_GameObject: {fileID: 8936658100390352246}
  m_LocalRotation: {x: -0, y: -0, z: -0, w: 1}
  m_LocalPosition: {x: 0.08500004, y: -1.658, z: -0.16400003}
  m_LocalScale: {x: 1, y: 1, z: 1}
  m_Children: []
  m_Father: {fileID: 106752461}
  m_RootOrder: 0
  m_LocalEulerAnglesHint: {x: 0, y: 0, z: 0}
--- !u!4 &6790153031438422673
Transform:
  m_ObjectHideFlags: 0
  m_CorrespondingSourceObject: {fileID: 0}
  m_PrefabInstance: {fileID: 0}
  m_PrefabAsset: {fileID: 0}
  m_GameObject: {fileID: 8803535520837474963}
  m_LocalRotation: {x: -0, y: -0, z: -0, w: 1}
  m_LocalPosition: {x: -0.12299994, y: -1.655, z: -0.1630001}
  m_LocalScale: {x: 1, y: 1, z: 1}
  m_Children: []
  m_Father: {fileID: 435056959}
  m_RootOrder: 0
  m_LocalEulerAnglesHint: {x: 0, y: 0, z: 0}
--- !u!23 &6889800038551946529
MeshRenderer:
  m_ObjectHideFlags: 0
  m_CorrespondingSourceObject: {fileID: 0}
  m_PrefabInstance: {fileID: 0}
  m_PrefabAsset: {fileID: 0}
  m_GameObject: {fileID: 8803535520837474963}
  m_Enabled: 1
  m_CastShadows: 1
  m_ReceiveShadows: 1
  m_DynamicOccludee: 1
  m_StaticShadowCaster: 0
  m_MotionVectors: 1
  m_LightProbeUsage: 1
  m_ReflectionProbeUsage: 1
  m_RayTracingMode: 2
  m_RayTraceProcedural: 0
  m_RenderingLayerMask: 1
  m_RendererPriority: 0
  m_Materials:
  - {fileID: 2100000, guid: d2d848204629845449020c7743c86930, type: 2}
  m_StaticBatchInfo:
    firstSubMesh: 0
    subMeshCount: 0
  m_StaticBatchRoot: {fileID: 0}
  m_ProbeAnchor: {fileID: 0}
  m_LightProbeVolumeOverride: {fileID: 0}
  m_ScaleInLightmap: 1
  m_ReceiveGI: 1
  m_PreserveUVs: 0
  m_IgnoreNormalsForChartDetection: 0
  m_ImportantGI: 0
  m_StitchLightmapSeams: 1
  m_SelectedEditorRenderState: 3
  m_MinimumChartSize: 4
  m_AutoUVMaxDistance: 0.5
  m_AutoUVMaxAngle: 89
  m_LightmapParameters: {fileID: 0}
  m_SortingLayerID: 0
  m_SortingLayer: 0
  m_SortingOrder: 0
  m_AdditionalVertexStreams: {fileID: 0}
--- !u!33 &7688804130546490960
MeshFilter:
  m_ObjectHideFlags: 0
  m_CorrespondingSourceObject: {fileID: 0}
  m_PrefabInstance: {fileID: 0}
  m_PrefabAsset: {fileID: 0}
  m_GameObject: {fileID: 8803535520837474963}
  m_Mesh: {fileID: 2532197596911439093, guid: f863d3d51894f4f8eb472af40025fc93, type: 3}
--- !u!1 &8803535520837474963
GameObject:
  m_ObjectHideFlags: 0
  m_CorrespondingSourceObject: {fileID: 0}
  m_PrefabInstance: {fileID: 0}
  m_PrefabAsset: {fileID: 0}
  serializedVersion: 6
  m_Component:
  - component: {fileID: 6790153031438422673}
  - component: {fileID: 7688804130546490960}
  - component: {fileID: 6889800038551946529}
  m_Layer: 0
  m_Name: polySurface23
  m_TagString: Untagged
  m_Icon: {fileID: 0}
  m_NavMeshLayer: 0
  m_StaticEditorFlags: 0
  m_IsActive: 1
--- !u!1 &8936658100390352246
GameObject:
  m_ObjectHideFlags: 0
  m_CorrespondingSourceObject: {fileID: 0}
  m_PrefabInstance: {fileID: 0}
  m_PrefabAsset: {fileID: 0}
  serializedVersion: 6
  m_Component:
  - component: {fileID: 6709141899335179669}
  - component: {fileID: 6343320315050609876}
  - component: {fileID: 5415727529718950494}
  m_Layer: 0
  m_Name: polySurface24
  m_TagString: Untagged
  m_Icon: {fileID: 0}
  m_NavMeshLayer: 0
  m_StaticEditorFlags: 0
  m_IsActive: 1
